@misc{utraffic-mobile,
  title        = {UTraffic Mobile},
  abstract     = {UTraffic Android application},
  howpublished = {\url{https://bktraffic.com/home/mobile-app}},
  note         = {Accessed: 2023-12-13},
  language     = {vi}
}

@misc{utraffic-introduction,
  title        = {{UTraffic} - homepage},
  abstract     = {Utraffic homepage},
  howpublished = {\url{https://bktraffic.com/home/}},
  note         = {Accessed: 2023-12-13},
  language     = {vi}
}

@misc{congestion-damage,
  title        = {Traffic congestion costs Ho Chi Minh City \$6 billion each
                  year},
  booktitle    = {Tuoi Tre News},
  author       = {/, Thanh Ha-Thu Dung},
  abstract     = {Though the number of traffic-related injuries and fatalities
                  has decreased in recent years, traffic congestion is getting
                  worse},
  month        = oct,
  year         = 2022,
  howpublished = {\url{https://tuoitrenews.vn/news/society/20221001/traffic-congestion-costs-ho-chi-minh-city-6-billion-each-year/69343.html}},
  note         = {Accessed: 2023-12-13},
  language     = {vi}
}

@misc{apple_webview,
  title        = {Updating apps that use web views - latest news - apple
                  developer},
  author       = {{Apple Inc}},
  abstract     = {Apple on embedding webviews in iOS applications},
  howpublished = {\url{https://developer.apple.com/news/?id=12232019b}},
  note         = {Accessed: 2023-12-13},
  language     = {en}
}

@misc{buyttphcm,
  title        = {Trang ch\uhook},
  howpublished = {\url{http://buyttphcm.com.vn/}},
  note         = {Accessed: 2023-12-14},
  language     = {vi}
}


@misc{mongodb_bson,
  title        = {{MongoDB} manual},
  howpublished = {\url{https://www.mongodb.com/docs/v3.0/reference/bson-types/}},
  note         = {Accessed: 2023-12-12},
  language     = {vi}
}

@misc{MVC_MVVM,
  title        = {{MVC} vs {MVVM} -- difference between them},
  booktitle    = {Guru99},
  author       = {Martin, Matthew},
  abstract     = {MVC and MVVM references},
  month        = nov,
  year         = 2023,
  howpublished = {\url{https://www.guru99.com/mvc-vs-mvvm.html}},
  note         = {Accessed: 2023-12-13},
  language     = {en}
}

@misc{Swift,
  title        = {Objective C vs Swift : Which one is the best?},
  booktitle    = {nimbleappgenie},
  author       = {{Nimble App Genie} and Sharma, Niketan},
  abstract     = {Do you want to know the difference between swift vs objective
                  c and want to know how they compare to swiftUI? Read this
                  blog till the end.},
  month        = may,
  year         = 2023,
  howpublished = {\url{https://www.nimbleappgenie.com/blogs/swift-vs-objective-c/}},
  note         = {Accessed: 2023-12-13},
  language     = {en}
}

@misc{Swift_2,
  title        = {Educative answers - trusted answers to developer questions},
  booktitle    = {Educative},
  abstract     = {More Swift vs Objective-C comparisons},
  howpublished = {\url{https://www.educative.io/answers/swift-vs-objective-c}},
  note         = {Accessed: 2023-12-13},
  language     = {en}
}

@misc{noauthor_undated-uf,
  title        = {{MKGeoJSONObject}},
  booktitle    = {Apple Developer Documentation},
  abstract     = {Objects that the GeoJSON decoder can return.},
  howpublished = {\url{https://developer.apple.com/documentation/mapkit/mkgeojsonobject}},
  note         = {Accessed: 2023-12-14},
  language     = {en}
}